<?xml version="1.0" encoding="UTF-8"?><collection xmlns="http://www.loc.gov/MARC21/slim"><record><leader>00322nam--2200133-i-4500</leader><controlfield tag="001">000041460</controlfield><controlfield tag="002">20161230</controlfield><controlfield tag="005">20161230201043</controlfield><controlfield tag="008">060222s1000------------r-----000-0-eng-d</controlfield><datafield ind1=" " ind2=" " tag="080"><subfield code="a">621.383</subfield></datafield><datafield ind1=" " ind2=" " tag="100"><subfield code="a">S Herr,Sol</subfield></datafield><datafield ind1=" " ind2=" " tag="245"><subfield code="a">Electronic displays</subfield></datafield><datafield ind1=" " ind2=" " tag="260"><subfield code="a">New York, John Wiley &amp; Sons, 1979. Viii + 636 P</subfield></datafield><datafield ind1=" " ind2=" " tag="852"><subfield code="a">47914</subfield></datafield></record></collection>